<?xml version="1.0" encoding="UTF-8"?><collection><record><leader>07882ntm a2200541 a 4500</leader><controlfield tag="001">006806816</controlfield><controlfield tag="003">MiAaHDL</controlfield><controlfield tag="005">20190719000000.0</controlfield><controlfield tag="006">m        d        </controlfield><controlfield tag="007">cr bn ---auaua</controlfield><controlfield tag="008">090603q17971825xx            00| ||ara d</controlfield><datafield tag="035" ind1=" " ind2=" "><subfield code="a">(MiU)006806816</subfield></datafield><datafield tag="035" ind1=" " ind2=" "><subfield code="a">sdr-miu006806816</subfield></datafield><datafield tag="040" ind1=" " ind2=" "><subfield code="a">MiU</subfield><subfield code="c">MiU</subfield><subfield code="e">amremm</subfield></datafield><datafield tag="043" ind1=" " ind2=" "><subfield code="a">n-us-mi</subfield></datafield><datafield tag="100" ind1="1" ind2=" "><subfield code="6">880-01</subfield><subfield code="a">ʻUmarī, Muḥammad ibn Aḥmad.</subfield></datafield><datafield tag="240" ind1="1" ind2="0"><subfield code="6">880-02</subfield><subfield code="a">Jawhar al-munaẓẓam min kalām al-nabī al-mukarram</subfield></datafield><datafield tag="245" ind1="1" ind2="0"><subfield code="6">880-03</subfield><subfield code="a">Kitāb al-Jawhar al-munaẓẓam min kalām al-nabī al-mukarram,</subfield><subfield code="f">[late 18th to early 19th century?].</subfield></datafield><datafield tag="260" ind1=" " ind2=" "><subfield code="c">[1797-1825?].</subfield></datafield><datafield tag="300" ind1=" " ind2=" "><subfield code="a">60 leaves :</subfield><subfield code="b">paper ;</subfield><subfield code="c">287 x 197 (213 x 129) mm.</subfield></datafield><datafield tag="500" ind1=" " ind2=" "><subfield code="a">Shelfmark: Ann Arbor, University of Michigan, Special Collections Library, Isl. Ms. 487</subfield></datafield><datafield tag="500" ind1=" " ind2=" "><subfield code="a">Origin: Statement on 'title page' (p.7) indicates that composition of the work was begun Muḥarram 1208 [August-September 1793] (though the copyist apparently made a mistake in the phrasing of the date with "مائتين" faintly visible following "بعد" and "الالف" written over it). Despite the mistake in this statement, the reading 1208 is confirmed by the opening matter (preface) on p.9 in which the author indicates "..لما دخلنا في سنة الف ومائتين وثمناية من الهجرة النبوية ... اني هممت ان الف كتابا في سنن الدين واحكامه ..." ; according to GAL likely completed in 1212 [1797]. Lacks dated colophon ; however, number of corrections and marginal notes, paper, etc. indicate that the main text may be in the hand of the author, or perhaps collated by him, suggesting a dating in the last decade of the 18th century or prior to his death in 1801 (roughly 1797-1801). Paper of replacement leaves suggests a fairly contemporary dating or slightly further into the 19th century. Ownership statement on opening replacement leaf provides a terminus ante quem of 1825.</subfield></datafield><datafield tag="500" ind1=" " ind2=" "><subfield code="a">Accompanying materials: a. Acquisitions slip from Yahuda (pp.1-2) -- b. Inventory cataloguing slip in hand of Winifred Smeaton Thomas (pp.3-4).</subfield></datafield><datafield tag="500" ind1=" " ind2=" "><subfield code="a">Former shelfmark: From inner front cover and spine label, "IL 80" (likely supplied by Yahuda, see acquisitions slip).</subfield></datafield><datafield tag="500" ind1=" " ind2=" "><subfield code="a">Binding: Pasteboards now covered in aquamarine paper with black cloth over spine and traces of dark red-brown leather at edges/turn-ins (possibly fully covering boards under paper) ; Type III binding (without flap) ; upper and lower covers bear traces of tooled rule-borders ; board linings in yellow laid paper ; sewn in light pink thread, two stations ; overall in fair condition with some abrasion, staining, minor delamination of boards, etc.</subfield></datafield><datafield tag="500" ind1=" " ind2=" "><subfield code="a">Support: European laid paper of at least two types ; mainly with 10 laid lines per cm. (horizontal), chain lines spaced 24 mm. apart (vertical), horse with main and tail flying watermark (see p.115, etc. and compare Cheval no.1, p.20 and 335 in Velkov, Les Filigranes dans les documents Ottomans), and "A G C" countermark (see p.114) ; replacement leaves with 10-11 laid lines per cm. (horizontal), chain lines spaced 24 mm. apart (vertical), lion passant guardant (see final two leaves and compare watermark dated 1807, no.924 in Nikolaev, Watermarks of the Ottoman Empire) and arms with "O A C" under scrollwork (see p.6, etc. and compare nos.766 dated 1795 and 814, 821, 839 dated 1799 in Nikolaev).</subfield></datafield><datafield tag="500" ind1=" " ind2=" "><subfield code="a">Decoration: Keywords and some marginal glosses and corrections rubricated ; overlining in red ; text of written area surrounded by red-rule border.</subfield></datafield><datafield tag="500" ind1=" " ind2=" "><subfield code="a">Script: Naskh ; main hand a large, elegant Iraqi [?] hand (certainly with Persianate features) ; virtually serifless (though very slight head-serifs occasionally appear) and fairly vertical with only a slight tilt to the left, curvilinear descenders, pointing in distinct dots, point of nūn often set down within bowl, partially vocalized ; replacement leaves at opening and close supplied in another elegant naskh with Persianate features, virtually serifless with effect of tilt to the left, some elongated horizontal strokes, pointing in conjoined dots.</subfield></datafield><datafield tag="500" ind1=" " ind2=" "><subfield code="a">Layout: Written in 15 lines per page ; frame-ruled.</subfield></datafield><datafield tag="500" ind1=" " ind2=" "><subfield code="a">Collation: V-3+3 (10), 4 V(50), V-2+2 (60) ; chiefly quinions ; middle of the quire marks in the form of oblique strokes in the upper outer corner of the right-hand leaf ; catchwords present ; pagination in pencil, Western numerals, supplied during digitization (includes inserts).</subfield></datafield><datafield tag="500" ind1=" " ind2=" "><subfield code="a">Explicit: "وما جعلنا القبلة التي كنت عليها الا لنعلم من يتبع الرسول ممن ينقلب على عقبية تمت اخباراته الغيبية وصدق مقالاته المروية"</subfield></datafield><datafield tag="500" ind1=" " ind2=" "><subfield code="a">Incipit: "الحمد لله الذي انزل على عبده الكتاب ولم يجعل له عوجا قيما لينذر بأسا شديد [شديدا] من لدنه ... اما بعد يقول العبد الفقير الى الله الغني محمد العمري بن احمد العمي بن علي العمري الموصلي مولدا منشئا الساكن عند باب الجديد لما دخلنا في سنة الف ومائتين وثمانية بعد الاهجرة النبوية ... اني هممت ان الف كتابا في سنن الدين واحكامه ... فجمعت هذا الكتاب وسميته جوهر المنظم من كلام النبي المكرم ...</subfield></datafield><datafield tag="500" ind1=" " ind2=" "><subfield code="a">Title from inscription on recto of opening replacement leaf (p.5), 'title page' (p.7), and opening matter (preface) on p.9.</subfield></datafield><datafield tag="500" ind1=" " ind2=" "><subfield code="a">Ms. codex.</subfield></datafield><datafield tag="510" ind1="4" ind2=" "><subfield code="a">Velkov, Asparouh. Les Filigranes dans les documents Ottomans: divers types d’images. Sofia: Éditions "Texte - A. Trayanov," 2005.</subfield></datafield><datafield tag="510" ind1="4" ind2=" "><subfield code="a">Nikolaev, Vsevolod. Watermarks of the mediaeval Ottoman documents in Bulgarian libraries. In Watermarks of the Ottoman Empire, volume 1. Sofia: Bulgarian Academy of Sciences, 1954.</subfield></datafield><datafield tag="510" ind1="4" ind2=" "><subfield code="a">Brockelmann, C. GAL,</subfield><subfield code="c">S II 640</subfield></datafield><datafield tag="520" ind1="8" ind2=" "><subfield code="a">Fine early (possibly autograph) copy of a collection of sayings of the Prophet compiled from compiled from various collections of ḥadīth by Muḥammad ibn Aḥmad al-ʻUmarī al-Mawṣilī (d.1801). Replacement leaves at opening and close.</subfield></datafield><datafield tag="538" ind1=" " ind2=" "><subfield code="a">Mode of access: Internet.</subfield></datafield><datafield tag="541" ind1=" " ind2=" "><subfield code="a">Acquired in 1926 from the bookseller Isaac Benjamin S.E. Yahuda via purchase transacted on his behalf by Abraham Shalom Yahuda (1877-1951), his younger brother.</subfield></datafield><datafield tag="546" ind1=" " ind2=" "><subfield code="a">Arabic.</subfield></datafield><datafield tag="561" ind1=" " ind2=" "><subfield code="a">Partially effaced ownership statement in name of al-Sayyid ... al-ʻAlamī ("دخل هذا الكتاب في ملك الفقير السيد ... العلمي تحريرا ١٠ ذ سنة ١٢٤٠") dated 10 Dhū al-Ḥijjah [?] 1240 [ca. 26 July 1825] and rectangular seal impression on opening replacement leaf (p.5) ; ownership statement (following an authorial listing the various sources from which ḥadīth were taken for compilation in the present work) on 'replacement leaves' at opening on p.6 in name of al-Ḥājj ʻAbd ... al-Baghdādī [?] reads "دخل هذا الكتاب في ملك عبد الفقير الى الله الغني ... الحاج عبد البغدادي [كذا] ..." ; numerous marginal corrections and glosses.</subfield></datafield><datafield tag="650" ind1=" " ind2="0"><subfield code="a">Manuscripts, Arabic</subfield><subfield code="z">Michigan</subfield><subfield code="z">Ann Arbor.</subfield></datafield><datafield tag="650" ind1=" " ind2="0"><subfield code="a">Hadith</subfield><subfield code="x">Criticism, interpretation, etc.</subfield><subfield code="v">Early works to 1800.</subfield></datafield><datafield tag="773" ind1="0" ind2=" "><subfield code="a">Yahuda Collection.</subfield></datafield><datafield tag="880" ind1="1" ind2="0"><subfield code="6">245-03/</subfield><subfield code="a">كتاب الجوهر المنظم من كلام النبي المكرم,</subfield><subfield code="f">[اواخر القرن 18 الى اوائل القرن 19م؟].</subfield></datafield><datafield tag="880" ind1="1" ind2="0"><subfield code="6">240-02/</subfield><subfield code="a">جوهر المنظم من كلام النبي المكرم</subfield></datafield><datafield tag="880" ind1="1" ind2=" "><subfield code="6">100-01/</subfield><subfield code="a">عمري، محمد ابن أحمد.</subfield></datafield><datafield tag="CID" ind1=" " ind2=" "><subfield code="a">006806816</subfield></datafield><datafield tag="DAT" ind1="0" ind2=" "><subfield code="a">20190719102637.0</subfield><subfield code="b">20190719000000.0</subfield></datafield><datafield tag="DAT" ind1="1" ind2=" "><subfield code="a">20190719090653.0</subfield><subfield code="b">2019-07-19T16:10:26Z</subfield></datafield><datafield tag="DAT" ind1="2" ind2=" "><subfield code="a">2015-10-10T18:00:06Z</subfield></datafield><datafield tag="CAT" ind1=" " ind2=" "><subfield code="a">SDR-MIU</subfield><subfield code="d">EX LIBRIS - ALEPH</subfield><subfield code="l">prepare.pl-004-008</subfield></datafield><datafield tag="FMT" ind1=" " ind2=" "><subfield code="a">BK</subfield></datafield><datafield tag="HOL" ind1=" " ind2=" "><subfield code="0">sdr-miu006806816</subfield><subfield code="a">MiU</subfield><subfield code="b">SDR</subfield><subfield code="c">MIU</subfield><subfield code="p">mdp.39015079127992</subfield><subfield code="s">MIU</subfield><subfield code="1">006806816</subfield></datafield><datafield tag="974" ind1=" " ind2=" "><subfield code="b">MIU</subfield><subfield code="c">MIU</subfield><subfield code="d">20190719</subfield><subfield code="s">lit-dlps-dc</subfield><subfield code="u">mdp.39015079127992</subfield><subfield code="y">1825</subfield><subfield code="r">pd</subfield><subfield code="q">bib</subfield><subfield code="t">non-US bib date2 &lt; 1896</subfield></datafield></record></collection>